<?xml version = "1.0" encoding = "UTF-8"?>
<Document xmlns="urn:iso:std:iso:20022:tech:xsd:pain.008.001.01"
	xmlns:xsi="http://www.w3.org/2001/XMLSchema-instance">
	<pain.008.001.01>
		<GrpHdr>
			<MsgId>RITCOM1234</MsgId>
			<CreDtTm>2006-06-09T09:18:00</CreDtTm>
			<BtchBookg>true</BtchBookg>
			<NbOfTxs>3</NbOfTxs>
			<CtrlSum>846.00</CtrlSum>
			<Grpg>GRPD</Grpg>
			<InitgPty>
				<Nm>RITCOM</Nm>
				<PstlAdr>
					<StrtNm>Schueman Strasse</StrtNm>
					<BldgNb>18</BldgNb>
					<PstCd>60017</PstCd>
					<TwnNm>Frankfurt Am Main</TwnNm>
					<Ctry>DE</Ctry>
				</PstlAdr>
			</InitgPty>
		</GrpHdr>
		<PmtInf>
			<PmtMtd>DD</PmtMtd>
			<PmtTpInf>
				<InstrPrty>NORM</InstrPrty>
				<SeqTp>RCUR</SeqTp>
			</PmtTpInf>
			<ReqdColltnDt>0226-06-16</ReqdColltnDt>
			<Cdtr>
				<Nm>RITCOM</Nm>
				<PstlAdr>
					<StrtNm>Schueman Strasse</StrtNm>
					<BldgNb>18</BldgNb>
					<PstCd>60017</PstCd>
					<TwnNm>Frankfurt Am Main</TwnNm>
					<Ctry>DE</Ctry>
				</PstlAdr>
			</Cdtr>
			<CdtrAcct>
				<Id>
					<PrtryAcct>
						<Id>789123</Id>
					</PrtryAcct>
				</Id>
			</CdtrAcct>
			<CdtrAgt>
				<FinInstnId>
					<BIC>AAAADEFF</BIC>
				</FinInstnId>
			</CdtrAgt>
			<ChrgBr>SHAR</ChrgBr>
			<DrctDbtTxInf>
				<PmtId>
					<EndToEndId>RIT/012006-2356B7</EndToEndId>
				</PmtId>
				<InstdAmt Ccy="EUR">325</InstdAmt>
				<DrctDbtTx>
					<MndtRltdInf>
						<MndtId>RIT03/ac576</MndtId>
						<DtOfSgntr>2003-06-05</DtOfSgntr>
						<Frqcy>MIAN</Frqcy>
					</MndtRltdInf>
				</DrctDbtTx>
				<DbtrAgt>
					<FinInstnId>
						<BIC>BBBBDE33</BIC>
					</FinInstnId>
				</DbtrAgt>
				<Dbtr>
					<Nm>Keller</Nm>
					<PstlAdr>
						<StrtNm>Sedanstrasse</StrtNm>
						<BldgNb>36</BldgNb>
						<PstCd>52349</PstCd>
						<TwnNm>Dueren</TwnNm>
						<Ctry>DE</Ctry>
					</PstlAdr>
				</Dbtr>
				<DbtrAcct>
					<Id>
						<PrtryAcct>
							<Id>123456</Id>
						</PrtryAcct>
					</Id>
				</DbtrAcct>
				<Purp>
					<Cd>ELEC</Cd>
				</Purp>
				<RmtInf>
					<Ustrd>Invoice Rit200601-78910</Ustrd>
				</RmtInf>
			</DrctDbtTxInf>
			<DrctDbtTxInf>
				<PmtId>
					<EndToEndId>RIT/012006-2562C26</EndToEndId>
				</PmtId>
				<InstdAmt Ccy="EUR">286.00</InstdAmt>
				<DrctDbtTx>
					<MndtRltdInf>
						<MndtId>RIT04/av002</MndtId>
						<DtOfSgntr>2004-08-03</DtOfSgntr>
						<Frqcy>MIAN</Frqcy>
					</MndtRltdInf>
					<PreNtfctnDt>2006-06-01</PreNtfctnDt>
				</DrctDbtTx>
				<DbtrAgt>
					<FinInstnId>
						<BIC>CCCCDE31</BIC>
					</FinInstnId>
				</DbtrAgt>
				<Dbtr>
					<Nm>Schneider</Nm>
					<PstlAdr>
						<StrtNm>Kuertmanstrasse</StrtNm>
						<BldgNb>45</BldgNb>
						<PstCd>50475</PstCd>
						<TwnNm>Koeln</TwnNm>
						<Ctry>DE</Ctry>
					</PstlAdr>
				</Dbtr>
				<DbtrAcct>
					<Id>
						<PrtryAcct>
							<Id>789101</Id>
						</PrtryAcct>
					</Id>
				</DbtrAcct>
				<Purp>
					<Cd>ELEC</Cd>
				</Purp>
				<RmtInf>
					<Ustrd>Invoice Rit200601-78911</Ustrd>
				</RmtInf>
			</DrctDbtTxInf>
			<DrctDbtTxInf>
				<PmtId>
					<EndToEndId>RIT/012006-4578S09</EndToEndId>
				</PmtId>
				<InstdAmt Ccy="EUR">235.00</InstdAmt>
				<DrctDbtTx>
					<MndtRltdInf>
						<MndtId>RIT05/ab018</MndtId>
						<DtOfSgntr>2004-03-22</DtOfSgntr>
						<Frqcy>MIAN</Frqcy>
					</MndtRltdInf>
					<PreNtfctnDt>2006-06-01</PreNtfctnDt>
				</DrctDbtTx>
				<DbtrAgt>
					<FinInstnId>
						<BIC>DDDDDE33</BIC>
					</FinInstnId>
				</DbtrAgt>
				<Dbtr>
					<Nm>Schritt</Nm>
					<PstlAdr>
						<StrtNm>Kruegerstrasse</StrtNm>
						<BldgNb>125</BldgNb>
						<PstCd>50475</PstCd>
						<TwnNm>Koeln</TwnNm>
						<Ctry>DE</Ctry>
					</PstlAdr>
				</Dbtr>
				<DbtrAcct>
					<Id>
						<PrtryAcct>
							<Id>893467</Id>
						</PrtryAcct>
					</Id>
				</DbtrAcct>
				<Purp>
					<Cd>ELEC</Cd>
				</Purp>
				<RmtInf>
					<Ustrd>Invoice Rit200601-78912</Ustrd>
				</RmtInf>
			</DrctDbtTxInf>
		</PmtInf>
	</pain.008.001.01>
</Document>